%YAML 1.1
%TAG !u! tag:unity3d.com,2011:
--- !u!1 &3383260481091032742
GameObject:
  m_ObjectHideFlags: 0
  m_CorrespondingSourceObject: {fileID: 0}
  m_PrefabInstance: {fileID: 0}
  m_PrefabAsset: {fileID: 0}
  serializedVersion: 6
  m_Component:
  - component: {fileID: 4676434217313157214}
  m_Layer: 0
  m_Name: GameObject
  m_TagString: Untagged
  m_Icon: {fileID: 0}
  m_NavMeshLayer: 0
  m_StaticEditorFlags: 0
  m_IsActive: 1
--- !u!4 &4676434217313157214
Transform:
  m_ObjectHideFlags: 0
  m_CorrespondingSourceObject: {fileID: 0}
  m_PrefabInstance: {fileID: 0}
  m_PrefabAsset: {fileID: 0}
  m_GameObject: {fileID: 3383260481091032742}
  m_LocalRotation: {x: -0, y: -0, z: -0, w: 1}
  m_LocalPosition: {x: 0, y: -1, z: 0}
  m_LocalScale: {x: 0.1, y: 0.1, z: 0.1}
  m_Children: []
  m_Father: {fileID: 7771136441143068775}
  m_RootOrder: 1
  m_LocalEulerAnglesHint: {x: 0, y: 0, z: 0}
--- !u!1 &7771136441143068776
GameObject:
  m_ObjectHideFlags: 0
  m_CorrespondingSourceObject: {fileID: 0}
  m_PrefabInstance: {fileID: 0}
  m_PrefabAsset: {fileID: 0}
  serializedVersion: 6
  m_Component:
  - component: {fileID: 7771136441143068775}
  - component: {fileID: 7771136441143068779}
  - component: {fileID: 7041295144575110751}
  m_Layer: 0
  m_Name: POI
  m_TagString: Untagged
  m_Icon: {fileID: 0}
  m_NavMeshLayer: 0
  m_StaticEditorFlags: 0
  m_IsActive: 1
--- !u!4 &7771136441143068775
Transform:
  m_ObjectHideFlags: 0
  m_CorrespondingSourceObject: {fileID: 0}
  m_PrefabInstance: {fileID: 0}
  m_PrefabAsset: {fileID: 0}
  m_GameObject: {fileID: 7771136441143068776}
  m_LocalRotation: {x: 0, y: 0, z: 0, w: 1}
  m_LocalPosition: {x: 0.01996541, y: 10, z: -0.2274298}
  m_LocalScale: {x: 10, y: 10, z: 10}
  m_Children:
  - {fileID: 8804105080404013309}
  - {fileID: 4676434217313157214}
  m_Father: {fileID: 0}
  m_RootOrder: 0
  m_LocalEulerAnglesHint: {x: 0, y: 0, z: 0}
--- !u!114 &7771136441143068779
MonoBehaviour:
  m_ObjectHideFlags: 0
  m_CorrespondingSourceObject: {fileID: 0}
  m_PrefabInstance: {fileID: 0}
  m_PrefabAsset: {fileID: 0}
  m_GameObject: {fileID: 7771136441143068776}
  m_Enabled: 1
  m_EditorHideFlags: 0
  m_Script: {fileID: 11500000, guid: 35f92c15a060b4e7daf795ee718f837a, type: 3}
  m_Name: 
  m_EditorClassIdentifier: 
  lat: 52.5137
  lon: 13.324939
  MapAnchor: {fileID: 0}
--- !u!114 &7041295144575110751
MonoBehaviour:
  m_ObjectHideFlags: 0
  m_CorrespondingSourceObject: {fileID: 0}
  m_PrefabInstance: {fileID: 0}
  m_PrefabAsset: {fileID: 0}
  m_GameObject: {fileID: 7771136441143068776}
  m_Enabled: 1
  m_EditorHideFlags: 0
  m_Script: {fileID: 11500000, guid: adffe871e3ae14df899e6a496b910aee, type: 3}
  m_Name: 
  m_EditorClassIdentifier: 
  Latitude: 0
  Longitude: 0
  Name: 
  Question: 
  Answers:
  - 
  - 
  - 
  - 
  CorrectAnswer: 0
  Description: 
  ShortDescription: 
  ID: 0
--- !u!1001 &9053589376156309270
PrefabInstance:
  m_ObjectHideFlags: 0
  serializedVersion: 2
  m_Modification:
    m_TransformParent: {fileID: 7771136441143068775}
    m_Modifications:
    - target: {fileID: -8679921383154817045, guid: d579be247b99ebd4d81aa749aa3f5f14, type: 3}
      propertyPath: m_RootOrder
      value: 0
      objectReference: {fileID: 0}
    - target: {fileID: -8679921383154817045, guid: d579be247b99ebd4d81aa749aa3f5f14, type: 3}
      propertyPath: m_LocalPosition.x
      value: 0.21947587
      objectReference: {fileID: 0}
    - target: {fileID: -8679921383154817045, guid: d579be247b99ebd4d81aa749aa3f5f14, type: 3}
      propertyPath: m_LocalPosition.y
      value: 5.76
      objectReference: {fileID: 0}
    - target: {fileID: -8679921383154817045, guid: d579be247b99ebd4d81aa749aa3f5f14, type: 3}
      propertyPath: m_LocalPosition.z
      value: -0.048
      objectReference: {fileID: 0}
    - target: {fileID: -8679921383154817045, guid: d579be247b99ebd4d81aa749aa3f5f14, type: 3}
      propertyPath: m_LocalRotation.w
      value: 1
      objectReference: {fileID: 0}
    - target: {fileID: -8679921383154817045, guid: d579be247b99ebd4d81aa749aa3f5f14, type: 3}
      propertyPath: m_LocalRotation.x
      value: 0.000000021855694
      objectReference: {fileID: 0}
    - target: {fileID: -8679921383154817045, guid: d579be247b99ebd4d81aa749aa3f5f14, type: 3}
      propertyPath: m_LocalRotation.y
      value: 0
      objectReference: {fileID: 0}
    - target: {fileID: -8679921383154817045, guid: d579be247b99ebd4d81aa749aa3f5f14, type: 3}
      propertyPath: m_LocalRotation.z
      value: -0
      objectReference: {fileID: 0}
    - target: {fileID: -8679921383154817045, guid: d579be247b99ebd4d81aa749aa3f5f14, type: 3}
      propertyPath: m_LocalEulerAnglesHint.x
      value: 0
      objectReference: {fileID: 0}
    - target: {fileID: -8679921383154817045, guid: d579be247b99ebd4d81aa749aa3f5f14, type: 3}
      propertyPath: m_LocalEulerAnglesHint.y
      value: 0
      objectReference: {fileID: 0}
    - target: {fileID: -8679921383154817045, guid: d579be247b99ebd4d81aa749aa3f5f14, type: 3}
      propertyPath: m_LocalEulerAnglesHint.z
      value: 0
      objectReference: {fileID: 0}
    - target: {fileID: 919132149155446097, guid: d579be247b99ebd4d81aa749aa3f5f14, type: 3}
      propertyPath: m_Name
      value: Pin-History
      objectReference: {fileID: 0}
    m_RemovedComponents: []
  m_SourcePrefab: {fileID: 100100000, guid: d579be247b99ebd4d81aa749aa3f5f14, type: 3}
--- !u!4 &8804105080404013309 stripped
Transform:
  m_CorrespondingSourceObject: {fileID: -8679921383154817045, guid: d579be247b99ebd4d81aa749aa3f5f14, type: 3}
  m_PrefabInstance: {fileID: 9053589376156309270}
  m_PrefabAsset: {fileID: 0}
